<record><leader>00000cas a2200000 a 4500</leader><controlfield tag="001">9290875</controlfield><controlfield tag="008">830308d18161834mdudn ne      0    0eng  </controlfield><controlfield tag="009">466</controlfield><datafield ind1=" " ind2=" " tag="010"><subfield code="a">sn 83016003 </subfield></datafield><datafield ind1=" " ind2=" " tag="040"><subfield code="a">DLC</subfield><subfield code="b">eng</subfield><subfield code="c">DLC</subfield><subfield code="d">NPX</subfield><subfield code="d">DLC</subfield><subfield code="d">MFN</subfield><subfield code="d">KNP</subfield><subfield code="d">CNK</subfield><subfield code="d">IUL</subfield><subfield code="d">DLC</subfield><subfield code="d">OCL</subfield><subfield code="d">OCLCO</subfield><subfield code="d">OCLCF</subfield></datafield><datafield ind1="1" ind2=" " tag="029"><subfield code="a">AU@</subfield><subfield code="b">000002647723</subfield></datafield><datafield ind1=" " ind2=" " tag="042"><subfield code="a">msc</subfield></datafield><datafield ind1="0" ind2=" " tag="130"><subfield code="a">Federal Republican and Baltimore telegraph (Baltimore, Md. : Daily)</subfield></datafield><datafield ind1="0" ind2="0" tag="245"><subfield code="a">Federal Republican and Baltimore telegraph.</subfield></datafield><datafield ind1=" " ind2=" " tag="260"><subfield code="a">Baltimore [Md.] :</subfield><subfield code="b">Paul Allen &amp; Co.,</subfield></datafield><datafield ind1=" " ind2=" " tag="300"><subfield code="a">v.</subfield></datafield><datafield ind1=" " ind2=" " tag="310"><subfield code="a">Daily (except Sun.)</subfield></datafield><datafield ind1="0" ind2=" " tag="362"><subfield code="a">Vol. 1, no. 1 (Apr. 1, 1816)-</subfield></datafield><datafield ind1="1" ind2=" " tag="362"><subfield code="a">Ceased with Nov. 26, 1834 issue?</subfield></datafield><datafield ind1=" " ind2=" " tag="580"><subfield code="a">Merger of: Baltimore telegraph and mercantile advertiser; and: Federal Republican (Georgetown, Washington, D.C. : Daily).</subfield></datafield><datafield ind1=" " ind2="0" tag="651"><subfield code="a">Baltimore (Md.)</subfield><subfield code="v">Newspapers.</subfield></datafield><datafield ind1=" " ind2="7" tag="655"><subfield code="a">Newspapers.</subfield><subfield code="2">fast</subfield><subfield code="0">(OCoLC)fst01423814</subfield></datafield><datafield ind1=" " ind2="7" tag="651"><subfield code="a">Maryland</subfield><subfield code="z">Baltimore.</subfield><subfield code="2">fast</subfield><subfield code="0">(OCoLC)fst01204292</subfield></datafield><datafield ind1=" " ind2=" " tag="752"><subfield code="a">United States</subfield><subfield code="b">Maryland</subfield><subfield code="d">Baltimore.</subfield></datafield><datafield ind1="0" ind2=" " tag="775"><subfield code="t">Federal Republican and Baltimore telegraph (Baltimore, Md. : Semiweekly)</subfield><subfield code="w">(DLC)sn 83016034</subfield></datafield><datafield ind1="1" ind2="4" tag="780"><subfield code="t">Baltimore telegraph and mercantile advertiser</subfield><subfield code="w">(DLC)sn 84026871</subfield></datafield><datafield ind1="1" ind2="4" tag="780"><subfield code="t">Federal Republican (Georgetown, Washington, D.C. : Daily)</subfield><subfield code="w">(DLC)sn 84038792</subfield></datafield></record>